<record><leader>00000cas a22000007a 4500</leader><controlfield tag="001">39325260</controlfield><controlfield tag="008">980621d1901190uakuuu ne      0    0eng d</controlfield><controlfield tag="009">16347</controlfield><datafield ind1=" " ind2=" " tag="010"><subfield code="a">sn 98059773 </subfield></datafield><datafield ind1=" " ind2=" " tag="040"><subfield code="a">ANE</subfield><subfield code="b">eng</subfield><subfield code="c">ANE</subfield><subfield code="d">OCLCQ</subfield></datafield><datafield ind1="1" ind2=" " tag="029"><subfield code="a">AU@</subfield><subfield code="b">000014094579</subfield></datafield><datafield ind1=" " ind2=" " tag="042"><subfield code="a">msc</subfield></datafield><datafield ind1="0" ind2="0" tag="245"><subfield code="a">Porcupine nugget.</subfield></datafield><datafield ind1=" " ind2=" " tag="260"><subfield code="a">Porcupine City [i.e. Porcupine), Alaska :</subfield><subfield code="b">Will A. Nash,</subfield><subfield code="c">1901-</subfield></datafield><datafield ind1=" " ind2=" " tag="300"><subfield code="a">v.</subfield></datafield><datafield ind1="0" ind2=" " tag="362"><subfield code="a">Vol. 1 (Nov. 1901)-</subfield></datafield><datafield ind1=" " ind2="0" tag="651"><subfield code="a">Porcupine (Alaska)</subfield><subfield code="v">Newspapers.</subfield></datafield><datafield ind1=" " ind2=" " tag="752"><subfield code="a">United States</subfield><subfield code="b">Alaska</subfield><subfield code="d">Porcupine.</subfield></datafield></record>